@online{ElectricityCost,
  title   = {European wholesale electricity price data},
  url     = {https://ember-climate.org/data-catalogue/european-wholesale-electricity-price-data/},
}

@article{Marconi100,
  title={M100 ExaData: a data collection campaign on the CINECAâ€™s Marconi100 Tier-0 supercomputer},
  author={Borghesi, Andrea and Di Santi, Carmine and Molan, Martin and Ardebili, Mohsen Seyedkazemi and Mauri, Alessio and Guarrasi, Massimiliano and Galetti, Daniela and Cestari, Mirko and Barchi, Francesco and Benini, Luca and others},
  journal={Scientific Data},
  volume={10},
  number={1},
  pages={288},
  year={2023},
  publisher={Nature Publishing Group UK London}
}

@online{Marconi100Site,
  title   = {Marconi 100 HPC CINECA},
  url     = {https://www.hpc.cineca.it/systems/hardware/marconi100/},
}

@online{ProphetSite,
  title   = {Prophet, forecasting at scale},
  url     = {https://facebook.github.io/prophet/},
}

@book{Prophet1,
  author  = {Andrew C. Harvey, Neil Shephard},
  title   = {10 Structural time series models},
  year    = {1993},
  url     = {https://www.sciencedirect.com/science/article/abs/pii/S0169716105800458?via%3Dihub},
}

@article{Prophet2,
  author  = {Sean J Taylor, Benjamin Letham},
  title   = {Forecasting at scale},
  year    = {2017},
  doi     = {10.7287/peerj.preprints.3190v2},
  url     = {https://peerj.com/preprints/3190v2/},
}

@online{STL,
  title   = {Decomposizione Trend-Stagionale attraverso l'utilizzo del LOESS},
  url     = {https://doc.arcgis.com/it/insights/latest/analyze/stl.htm},
}

@online{ElectricityMap,
  title   = {ELECTRICITY MAPS},
  url     = {https://www.electricitymaps.com/data-portal/italy},
}

@article{CarbonIntensity,
  title={Direct and indirect energy use and carbon emissions in the production phase of buildings: an input--output analysis},
  author={N{\"a}ss{\'e}n, Jonas and Holmberg, John and Wadeskog, Anders and Nyman, Madeleine},
  journal={Energy},
  volume={32},
  number={9},
  pages={1593--1602},
  year={2007},
  publisher={Elsevier}
}

@online{DataCenter,
  title   = {Data Center Racks, Cabinets, and Cages: An In-Depth Guide},
  url     = {https://dgtlinfra.com/data-center-racks-cabinets-cages/},
}
